<?xml version="1.0" encoding="UTF-8"?><collection xmlns="http://www.loc.gov/MARC21/slim"><record><leader>00446nam--2200157-u-4500</leader><controlfield tag="001">000051057</controlfield><controlfield tag="002">20161230</controlfield><controlfield tag="005">20161230201049</controlfield><controlfield tag="008">080515s1000------------r-----000-0-eng-d</controlfield><datafield ind1=" " ind2=" " tag="040"><subfield code="a">IFIN-HH</subfield></datafield><datafield ind1=" " ind2=" " tag="080"><subfield code="a">512.664</subfield></datafield><datafield ind1="1" ind2=" " tag="100"><subfield code="a">Chogoshvili,G.S. (red.)</subfield></datafield><datafield ind1="1" ind2="0" tag="245"><subfield code="a">Gomologicheskaya Algebra, Teoriya Algebr i Grupp Li. Sbornik Rabot po Algebre</subfield></datafield><datafield ind1=" " ind2=" " tag="260"><subfield code="a">Tbilisi</subfield><subfield code="b">Izdatelstvo Metsniereba</subfield><subfield code="c">1979</subfield></datafield><datafield ind1=" " ind2=" " tag="490"><subfield code="v">Vol.2</subfield></datafield><datafield ind1=" " ind2=" " tag="CAT"><subfield code="a">Sys</subfield><subfield code="c">20080515</subfield><subfield code="h">092251</subfield></datafield></record></collection>